2609 4692
226 287 270 354 se
417 251 472 306 Ὗ
561 283 975 356 sonoririorss,
1074 247 1092 364 J

225 463 257 524 2.
272 464 303 518 et
317 457 347 528 6.
369 464 401 517 et
412 455 595 535 seregesimu
610 459 717 539 quinta
730 457 851 521 demum
862 461 1041 544 Olympiade
1056 459 1122 529 ‘saia
1131 462 1247 535 iaceo

226 541 248 607 d
265 535 377 625 δρὸμρς
396 537 592 624 ἐδοκιμάσθη.
612 563 643 604 v.
665 545 752 605 Pane.
768 545 809 623 ll,
826 552 863 623 8,
879 555 915 615 5·
948 548 1032 608 Idem
1053 549 1172 610 Cln‘onis
1191 575 1246 614 cun

225 630 314 688 Bulto
335 627 491 706 dicebatur
513 629 662 689 coloniam
677 629 711 689 in
721 630 846 711 Libyam
860 629 1022 694 deduxisse
1042 632 1118 716 (ΠΙ,
1135 642 1185 716 14,
1198 636 1246 719 3,),

224 712 286 773 lioc
307 721 380 774 vero
403 712 551 773 accidisie
569 725 697 796 putatur
711 716 796 776 *cirea
814 717 1026 798 Olympiadem
1041 721 1162 782 XXXV.
1197 724 1245 784 Pio

187 860 195 879 ,
225 789 321 872 αὖθις
337 799 454 859 Clavier
473 800 640 880 suspicatus
658 810 709 889 est³
720 794 810 865 αὕτόν
823 802 983 905 legendnm
998 824 1074 882 esse3
1104 805 1154 865 sed
1168 799 1246 883 αὖθις

225 893 271 944 est
290 881 343 946 hic
356 884 498 963 posthac.
531 886 590 944 Pro
612 878 728 949 τούτων
749 896 794 946 est
807 910 906 951 τουκω
922 889 956 949 in
970 890 1162 974 Mosq3idem
1175 891 1245 974 lesp-

220 963 315 1033 κόντα
326 968 427 1030 habet.
449 969 538 1032 Vind
552 965 735 1051 ἐνεστηκότα.
763 973 843 1032 Rene
856 982 958 1034 autem
969 974 1119 1035 Porsonus
1133 978 1245 1057 conige-

128 1091 132 1108 .
223 1053 276 1114 bat
291 1049 359 1120 ὅσοι
372 1049 427 1119 τίν
444 1049 542 1135 istnc.
558 1079 588 1117 κ,
600 1060 669 1118 πί.
690 1065 725 1116 ut
741 1060 937 1138 responderet
948 1061 1187 1141 praecedentibus
1201 1063 1244 1125 καί

224 1133 302 1208 ὅσοι.
323 1141 412 1219 Myro
427 1138 481 1199 diu
493 1149 565 1221 post
580 1139 755 1202 Chionidem
765 1143 861 1222 vixit,
882 1143 948 1205 eius
962 1154 999 1206 ut
1011 1155 1138 1206 statuum
1151 1147 1244 1228 fungus

223 1245 287 1285 non
301 1225 444 1307 potuerit.

308 1308 340 1393 5.
357 1316 388 1379 2.
429 1302 603 1375 Ἐοικὸτακα
619 1303 738 1376 xiiosee
751 1311 847 1393 Mosq.
870 1307 1007 1390 Ξάνθιος
1019 1315 1057 1376 de
1069 1317 1140 1378 urbe
1152 1318 1241 1399 byeire

123 1415 126 1424 ⁴
224 1397 362 1458 Xantho.
383 1395 480 1480 τρισίν
496 1389 799 1478 Ὀλυμκιᾶσιααῑίαω
817 1399 913 1480 Mosq.
933 1399 1090 1481 ἐπίκλησιν
1107 1398 1239 1484 lugerin-

204 1481 289 1566 'om
319 1484 358 1543 cf„
380 1483 418 1543 ed
436 1479 467 1563 5
478 1482 507 1549 5·
531 1478 549 1545 o‘
567 1483 700 1564 Πολίτης
719 1513 763 1529 -
783 1480 919 1548 ὤκιστον.
955 1485 1039 1546 Haeo
1063 1488 1162 1568 Susidas
1179 1509 1198 1548 s.
1213 1507 1238 1548 r.

222 1563 396 1649 Ἱππόμαχος
414 1568 448 1627 in
466 1587 555 1628 suum
565 1565 701 1627 Lexicon
717 1569 872 1630 transtulit
884 1571 990 1652 paucis
1006 1571 1134 1633 muratis
1152 1573 1239 1638 Ms-

225 1649 325 1736 peipov
335 1657 376 1735 τῆ
377 1677 392 1728 ς
401 1653 434 1718 dv
444 1656 485 1740 τῇ
497 1652 613 1738 Θρᾳκίᾳ
623 1655 733 1740 Καρίᾳ.
759 1655 864 1737 Pomp.
877 1655 955 1716 Mela
967 1655 1011 1734 ll,
1024 1663 1055 1733 2,
1069 1662 1098 1740 5.
1117 1658 1149 1719 in
1158 1655 1237 1719 'lber-

226 1739 273 1798 cie
289 1747 502 1799 commemorat
516 1748 644 1818 portum
661 1740 801 1816 Cariam,
823 1739 877 1800 ubi
896 1741 934 1801 ls.
950 1740 1074 1802 Vossius
1092 1742 1148 1804 hoc
1158 1739 1236 1804 stn-

224 1832 316 1883 tuvst:
346 1826 471 1902 „snum
483 1821 535 1884 huc
546 1824 605 1882 fun
619 1832 649 1883 et
665 1823 748 1884 ahud
763 1825 958 1908 oppidulum,
980 1825 1119 1910 Κίραμος
1134 1828 1234 1908 dietum,

136 1901 146 1920 '
225 1909 312 1970 cuius
335 1907 472 1968 meminit
490 1901 651 1968 Pausanias
671 1910 763 1970 Eliac.
785 1919 899 1992 poster.
928 1911 1088 1992 Perpetem
1104 1911 1234 1974 riridoeli

223 1994 258 2054 id
271 1993 425 2076 accipiunt
441 1994 477 2053 de
493 1994 615 2056 Cerauno
633 1994 667 2054 in
683 1993 769 2055 Caria
783 1995 932 2074 Asiatica,
951 1999 1133 2078 tanqnsmsi
1149 2007 1175 2058 et
1184 1997 1235 2060 iic

223 2079 324 2160 aliqua
341 2080 448 2140 liuisset
473 2077 610 2138 Thracis.
651 2079 742 2139 Recte
761 2087 834 2143 ver‘o
854 2081 961 2141 Suidas
979 2081 1013 2141 in
1037 2104 1067 2146 v.
1083 2078 1235 2164 Ἱππόμαχος

222 2165 325 2226 locum
337 2165 425 2225 illum
440 2163 601 2224 Pausaniae
618 2165 780 2247 respiciens
797 2167 932 2252 Θρᾳκίαν
947 2168 1068 2249 Καρίαν
1078 2170 1232 2250 interpreta-

222 2261 275 2313 tur
284 2248 341 2334 τήν
354 2250 387 2315 ἐν
403 2243 512 2336 Θρᾴκῃ,
525 2250 656 2326 Καρίαν.
663 2254 682 2282 “
725 2251 775 2311 Sic
789 2251 849 2311 duo
863 2261 1027 2312 sumuntur
1038 2253 1093 2313 sed
1106 2275 1163 2315 non
1174 2271 1233 2313 oen-

221 2338 395 2414 firmantur,
417 2329 548 2417 quorum
566 2334 693 2394 alterum
710 2345 769 2412 est,
790 2336 941 2416 regionem
962 2337 1042 2398 circa
1061 2339 1145 2400 illum
1155 2338 1233 2399 'llin-

221 2424 285 2483 ciae
309 2431 448 2505 portum,
478 2419 529 2479 cui
553 2440 664 2479 nomen
689 2421 773 2482 Casia
799 2422 873 2500 suit,
909 2422 1023 2483 dictam
1044 2444 1106 2484 esse
1126 2423 1230 2500 salian,

180 2527 184 2536 ·
221 2510 305 2589 quod
320 2517 463 2588 tanquam
483 2514 598 2565 certum
611 2505 644 2565 in
659 2507 738 2566 notis
756 2506 796 2566 ad
809 2507 831 2568 L
843 2507 865 2567 l.
887 2507 983 2567 Melae
996 2509 1154 2590 repetitur,
1172 2509 1231 2569 sla·

219 2613 289 2655 rum
306 2614 397 2670 vero,
419 2591 453 2652 in
467 2591 522 2652 illa
537 2589 688 2652 Thraciae·
699 2592 836 2670 regione,
859 2592 945 2652 Caris
962 2593 1059 2673 dicta,
1080 2593 1231 2676 oppidulum

176 2751 179 2760 δ
219 2681 312 2742 fuisse
335 2679 499 2738 ceramum.
542 2677 588 2737 Ab
611 2676 672 2736 hoc
688 2677 763 2738 vilio
788 2678 821 2736 in
841 2675 984 2738 historiae
1007 2700 1042 2738 ac
1063 2677 1230 2760 geognplliue

218 2766 307 2825 rebus
322 2763 452 2824 maxime
469 2763 595 2823 vitando
614 2783 671 2823 nec
684 2762 849 2823 Palmerius
871 2763 929 2823 sibi
945 2762 1020 2824 satis
1036 2762 1088 2824 hic
1107 2765 1190 2842 civim
1208 2753 1230 2821 is

219 2851 301 2911 enim
315 2848 499 2911 confidenter
512 2847 547 2908 in
560 2857 665 2908 nostro
678 2847 747 2908 loco
765 2847 903 2929 corrigit:
925 2847 959 2913 ἓν
971 2852 1012 2936 τῇ
1022 2851 1139 2937 τραχείᾳ
1150 2846 1230 2994 Ἢ

219 2938 254 2995 in
274 2957 384 3015 capere
399 2934 506 2994 Coria.
548 2933 645 3009 Quam
668 2933 883 3011 coniecturam,
910 2943 946 2995 ut
959 2955 1048 3016 saepe
1064 2935 1116 3011 fit,
1135 2933 1179 2994 alii

218 3022 404 3103 probarunt,
433 3029 470 3079 ut
495 3020 618 3095 Faenus,
651 3019 703 3079 vel
726 3029 919 3100 receperunt,
948 3017 1047 3081 veluti
1076 3019 1229 3104 Gedoyuul,

220 3106 445 3186 Goldhugenus,
466 3105 604 3186 Nibbyus
619 3114 709 3185 atque
723 3099 865 3181 Clavim,¹
879 3105 931 3184 qui
945 3104 1019 3164 adeo
1037 3102 1190 3186 scripsitlv

157 3203 194 3306 *²
218 3190 978 3361 lledaegildqurodebidmiiisntabliderdbbed,eqffideqdrrllsb
993 3188 1232 3356 bbrsbmnddordzpe-

645 3320 655 3350 ν
1218 3339 1223 3358 1

216 3363 291 3423 risse
305 3383 368 3424 non
384 3361 548 3426 dissimulo.
582 3360 674 3421 Nobis
690 3381 723 3421 se
737 3359 795 3421 alia
807 3358 898 3421 huius
912 3359 974 3421 loci
985 3353 1231 3420 restituendirstie

216 3449 346 3527 obtulit,
368 3468 477 3530 esque,
504 3455 541 3508 ut
558 3465 727 3528 speramus,
748 3441 844 3528 'pusulo
863 3446 962 3508 lenior
977 3465 1015 3504 ac
1028 3446 1138 3506 tutior:
1165 3439 1230 3504 l‘su·

217 3535 315 3594 sanias
336 3521 415 3594 enim
428 3532 527 3604 videri
539 3540 640 3613 potest
657 3531 823 3612 scripsisse:
851 3530 885 3594 ίκ
897 3524 1044 3615 Κεράμου
1066 3535 1119 3611 τῆς
1138 3527 1230 3594 2ch-

216 3619 285 3703 ρίᾳ,
304 3618 498 3680 librariorum
516 3627 616 3677 autem
631 3617 754 3697 uliquis:
781 3621 836 3697 τῆς
853 3615 886 3680 ἓν
906 3615 1037 3702 Θρᾳκίᾳ·
1073 3603 1230 3700 Diverdlulp

215 3701 274 3764 lucc
294 3703 514 3781 mimadversa,
536 3704 664 3763 alterum
682 3702 732 3761 vel
749 3702 988 3786 suprascriptum
1003 3699 1055 3761 vel
1073 3702 1105 3760 in
1119 3695 1231 3786 murglv

214 3789 347 3870 positum
362 3799 465 3868 postea
482 3809 554 3849 cum
569 3789 680 3864 altero,
700 3787 745 3846 ita
760 3797 797 3847 ut
811 3808 895 3848 nunc
912 3786 1038 3866 legimns
1046 3832 1055 3861 ,
1075 3783 1229 3867 copulatura

215 3895 278 3934 esse
291 3873 434 3935 credibile
449 3882 507 3951 est,
529 3874 653 3934 suidam
666 3893 738 3933 vero
755 3894 794 3932 ex
804 3893 839 3932 eo
854 3893 943 3933 suum
955 3873 1011 3950 τῆς
1024 3869 1057 3934 ἐν
1073 3863 1168 3956 Θρᾴκῃ
1178 3869 1230 3930 Kb·

214 3955 407 4040 plocfecisse.
432 3958 544 4022 Urbem
560 3960 722 4020 Garamum
735 3957 768 4018 in
782 3958 887 4018 Cariae
904 3955 1126 4020 mediterraneis
1142 3947 1230 4035 posuit

213 4045 330 4109 Plinius
343 4045 387 4125 V,
407 4047 464 4125 29,
494 4045 577 4125 quod
596 4044 753 4110 consumat
769 4044 892 4127 Strabo,
923 4042 977 4126 qui
989 4039 1075 4122 ΣΝ,
1097 4042 1163 4110 666·
1180 4031 1229 4096 Ιὶίῖ
